


@ARTICLE{Je-al2000,
 author = {Jeong H. and B.Tombor and R.Albert and Z.N.Oltvai and A.L.Barabasi},
  title = {The large-scale organization of a metabolic networks},
  journal = {Nature},
  year = {(2000)},
  volume = {407},
  pages = {651-654},
  month = {},
  issue = {},
  publisher = {},
}
 
@ARTICLE{F-al1999,
 author = {M. Faloutsos and P. Faloutsos and C. Faloutsos},
  title = {On power-law relationships of the Internet topology},
  journal = {Computer Communication Review },
  year = {(1999)},
  volume = {29},
  pages = {251},
  month = {},
}
@ARTICLE{BA1999,
 author = {A.-L. Barabasi and R. Albert},
  title = {Emergence of scaling in random networks},
  journal = {Science},
  year = {(1999)},
  volume = {286},
  pages = {509–512},
  month = {},
  issue = {},
  publisher = {},
}
@ARTICLE{Co-al1990,
 author = {{Cohen, J. E.} and {Briand F.} and {Newman, C. M.}},
  title = {Community food webs: Data and theory},
  journal = {Biomathematics },
  year = {(1990)},
  volume = {20},
  pages = {},
  month = {},
  issue = {},
  publisher = { Springer Verlag},
}
@BOOK{Pim-al2002,
 author={{Pimm, S. L}},
 title={Food Webs},
 publisher={University of Chicago Press},
 address={Chicago},
 year={2nd ed. (2002)},
}
@ARTICLE{Newman-Watts1999-2,
author = {M. E. J. Newman and D. J. Watts},
title = {Renormalization group analysis of the small-world network model},
journal = {Phys. Lett.A},
year = {(1999)},
volume = {263 },
pages = {341},
month = {},
issue = {},
publisher = {},
}
@BOOK{DM2003,
 author={S. N. Dorogovtsev and J. F. F. Mendes},
 title={Evolution of Networks: From Biological Nets to the Internet and WWW},
 publisher={Oxford Univ Press},
 address={Oxford},
 year={(2003)},
}

@ARTICLE{K-al2012,
 author = {{Krioukov, D.} and {Kitsak, M.} and {Sinkovits, R. S.} and {Rideout, D.} and {Meyer, D.} and {Boguna, M.}},
  title = { Network Cosmology},
  journal = { Scientific Reports},
  year = {(2012)},
  volume = {2},
  pages = {793},
  month = {},
  issue = {},
  publisher = {},
}
@ARTICLE{Tr2015,
 author = {C. A. Trugenberger},
  title = {Quantum Gravity as an Information Network: Self-Organization of a 4D Universe},
  journal = { Phys.Rev. D  },
  year = {(2015) },
  volume = {92},
  pages = {084014},
  month = {},
  issue = {},
  publisher = {},
}
@ARTICLE{Bi-al2015,
 author = {{Bianconi, G.} and {Rahmede, C.} and {Wu, Z.}},
  title = {Complex quantum network geometries: Evolution and phase transitions},
  journal = {Phys. Rev. E},
  year = {(2015)},
  volume = {92},
  pages = {022815},
  month = {},
  issue = {},
  publisher = {},
}
@ARTICLE{WB1997,
 author = {G. B. West and J. H. Brown and B. J. Enquist},
  title = {A general model for the origin of allometric scaling laws in biology},
  journal = {Science},
  year = {(1997)},
  volume = {276},
  pages = {122–126},
  month = {},
  issue = {},
  publisher = {},
}
@ARTICLE{Cohen-Havlin2003,
author = {R. Cohen and S. Havlin},
title = {Scale-Free Networks are Ultrasmall},
journal = {Phys. Rev. Lett},
year = {(2003)},
volume = {90},
pages = {058701},
month = {},
issue = {},
publisher = {},
}	 
@ARTICLE{Do-al2003,
 author = {S. N. Dorogovtsev and J. F. F. Mendes and A. N. Samukhin},
  title = {Metric structure of random networks},
  journal = { Nucl. Phys. B },
  year = {(2003)},
  volume = {653},
  pages = { 307},
  month = {},
  issue = {},
  publisher = {},
}
@ARTICLE{ChL2003,
 author = {F. Chung and L. Lu},
  title = {The average distance in a random graph with given expected degrees},
  journal = { Internet Math},
  year = {(2003)},
  volume = {1},
  pages = {91-113},
  month = {},
  issue = {},
  publisher = {},
}
@ARTICLE{Mi-al2002,
 author = {R. Milo and S. Shen-Orr and S. Itzkovitz and N. Kashtan and D. Chklovskii and U. Alon},
  title = {Network motifs: simple building blocks of complex networks},
  journal = {Science},
  year = {(2002)},
  volume = {298},
  pages = {824–827},
  month = {},
  issue = {},
  publisher = {},
}
@ARTICLE{BC2001,
 author = {{A. Broido} and { K. C. Claffy}},
  title = {Internet topology: Connectivity of IP graphs, in S. Fahmy and
K. Park, eds., Scalability and Traffic Control in IP Networks, no. 4526 in Proc. SPIE},
  journal = {International Society for Optical Engineering},
  year = {(2001)},
  volume = {},
  pages = {172–187},
  month = {},
  issue = {},
  publisher = {},
}
@ARTICLE{Pi1965,
 author = {{F. R. Pitts}},
  title = {A graph theoretic approach to historical geography},
  journal = {The Professional Geographer},
  year = {(1965)},
  volume = {17},
  pages = {15–20},
  month = {},
  issue = {},
  publisher = {},
}
@ARTICLE{Am-al2000,
 author = {{L. A. N. Amaral} and {A. Scala} and {M. Barthélémy} and {H. E. Stanley}},
  title = {Classes of small-world networks},
  journal = {Proc. Natl. Acad. Sci},
  year = {(2000)},
  volume = {USA 97},
  pages = { 11149–11152 },
  month = {},
  issue = {},
  publisher = {},
}
@ARTICLE{Do-al2007,
 author = {{I. Dobson} and {B. A. Carreras} and { V. E. Lynch} and {D. Newman}},
  title = {Complex systems analysis of series ofblackouts: Cascading failure, critical points, and self-organization},
  journal = {Chaos},
  year = {(2007)},
  volume = {17},
  pages = {  026103 },
  month = {},
  issue = {},
  publisher = {},
}
@ARTICLE{Se-al2003,
 author = {{P. Sen} and {S. Dasgupta} and {A. Chatterjee} and {P. A. Sreeram} and {G. Mukherjee} and {S. S. Manna}},
  title = {Small-world properties of the Indian railway network},
  journal = {Phys.Rev. E},
  year = {(2003)},
  volume = {67},
  pages = {036106},
  month = {},
  issue = {},
  publisher = {},
}
@BOOK{JS2000,
 author={J. Scott},
 title={Social Network Analysis: A Handbook},
 publisher={Sage Publications},
 address={London},
 year={2nd ed. (2000)},
}
@ARTICLE{WW1977,
 author = {W. W. Zachary},
  title = {An information flow model for conflict and fission in small groups},
  journal = {Journal of Anthropological Research},
  year = {(1977)},
  volume = {33},
  pages = {452–473},
  month = {},
  issue = {},
  publisher = {},
}
@BOOK{Mo1934,
 author={{J. L. Moreno}},
 title={{Who Shall Survive ?}},
 publisher={Beacon House},
 address={Beacon},
 year={(1934)},
}
@ARTICLE{JP1977,
 author = {J. Galaskiewicz and P. V. Marsdeny},
  title = {Interorganizational resource networks: Formal patterns of overlap},
  journal = {Social Science Research},
  year = {(1978)},
  volume = {7},
  pages = {89–107},
  month = {},
  issue = {},
  publisher = {},
}

@ARTICLE{BS2009,
 author = {{E. Bullmore} and {O. Sporns}},
  title = { Complex Brain Networks: Graph Theoretical Analysis of Structural and Functional Systems},
  journal = {Nat Rev Neurosci},
  year = {(2009)},
  volume = {10},
  pages = {168–198 },
  month = {},
  issue = {},
  publisher = {},
}
@ARTICLE{La-al2009,
 author = {{D. Lazer} and al},
  title = { Computational Social Science},
  journal = {Science },
  year = {(2009)},
  volume = {323},
  pages = {721–723  },
  month = {},
  issue = {},
  publisher = {},
}
@ARTICLE{Li-al2011,
 author = {{Y.Y. Liu} and {J.J. Slotine} and {A.L. Barabasi}},
  title = { Controllability of complex networks},
  journal = {Nature },
  year = {(2011)},
  volume = {473},
  pages = {167–173},
  month = {},
  issue = {},
  publisher = {},
}
@BOOK{Sm1997,
 author={{L. Smolin}},
 title={The life of the cosmos},
 publisher={Oxford University Press},
 address={Oxford},
 year={(1997)},
}
@BOOK{BR2006,
 author={B. Bollobas and O. Riordan},
 title={Percolation},
 publisher={Cambridge University Press},
 address={Cambridge},
 year={(2006)},
}
@ARTICLE{Ac-al2007,
 author = {A. Acin and J. I. Cirac and M. Lewenstein},
  title = {Entanglement percolation in quantum networks},
  journal = {Nature Physics },
  year = {(2007)},
  volume = {3},
  pages = {256},
  month = {},
  issue = {},
  publisher = {},
}
@BOOK{Sa1999,
 author={S. Sachdev},
 title={Quantum Phase Transitions },
 publisher={Cambridge University Press},
 address={Cambridge},
 year={(1999)},
}
, Lectures on Quantum Information (, 2007).
@BOOK{BG2007,
 author={{D. Bruß} and {G. Leuchs (eds.)}},
 title={Lectures on Quantum Information},
 publisher={{Weinheim, Wiley-VCH}},
 address={},
 year={(2007)},
}
@BOOK{MC2000,
 author={M. A. Nielsen and I. L. Chuang},
 title={Quantum Computation and Quantum Information},
 publisher={Cambridge University Press},
 address={Cambridge},
 year={(2000)},
}

@ARTICLE{J-al2015,
 author = {J. Novotny and G. Alber and I. Jex},
  title = {Universality in random quantum networks},
  journal = {Phys. Rev. A},
  year = {(2015)},
  volume = {92},
  pages = {062335},
  month = {December },
  issue = {},
  publisher = {},
}
@BOOK{Ha1995,
 author={{F. Harary}},
 title={Graph Theory},
 publisher={Perseus},
 address={Cambridge},
 year={ MA (1995)},
} 
@BOOK{West1996,
 author={{D. B. West}},
 title={Introduction to Graph Theory},
 publisher={Prentice Hall},
 address={Upper Saddle River},
 year={NJ (1996)},
}
@ARTICLE{Mi1967,
 author = {{S. Milgram}},
  title = {The Small World Problem},
  journal = {Psychology Today},
  year = {(1967)},
  volume = {},
  pages = {56–67},
  month = {May },
  issue = {},
  publisher = {},
}
@ARTICLE{TM1969,
 author = {{J. Travers} and S. Milgram},
  title = {},
  journal = {Sociometry},
  year = {(1969)},
  volume = {32},
  pages = {425},
  month = { },
  issue = {},
  publisher = {},
}
@ARTICLE{D-al2003,
 author = {{P. Dodds} and {R. Muhamad} and {D. Watts}},
  title = {An experimental study of search in global social networks},
  journal = {Science},
  year = {(2003)},
  volume = {301(5634)},
  pages = {827–829},
  month = { },
  issue = {},
  publisher = {},
}
@BOOK{Wa1994,
 author={{S. Wasserman} and {K. Faust}},
 title={{Social Network Analysis: Methods and Applications}},
 publisher={Cambridge University Press},
 address={Cambridge},
 year={ (1994)},
}
@BOOK{PV2004,
 author={{R. Pastor-Satorras} and {A. Vespignani}},
 title={{Evolution and Structure of the Internet: A Statistical Physics Approach}},
 publisher={Cambridge University Press},
 address={Cambridge},
 year={ (2004)},
}
@ARTICLE{Lad1999,
 author = {L. A. Adamic},
  title = {The small world web. In Proceedings of the Third European
Conference on Research and Advanced Technology for Digital Libraries},
  journal = {Sociometry},
  year = {(1999)},
  volume = {1696 of Lecture Notes in Computer Science},
  pages = {443–452},
  month = { },
  issue = {},
  publisher = {Springer-Verlag},
}
@BOOK{Seb-al2022,
 author={P. Sen and S. Dasgupta and A. Chatterjee and P. A. Sreeram and G. Mukherjee and S. S. Manna.},
 title={Small-world properties of the indian railway network},
 publisher={},
 address={},
 year={ (2002)},
}
@BOOK{WD2000,
 author={A. Wagner and D. Fell},
 title={The small world inside large metabolic networks},
 publisher={},
 address={},
 year={ (August 21 2000)},
}
@ARTICLE{SC2001,
 author = {S. Bilke and C. Peterson},
  title = {Topological properties of citation and metabolic networks},
  journal = {Rev. E},
  year = {(2001)},
  volume = {64},
  pages = {036106},
  month = { },
  issue = {},
  publisher = {},
}
@ARTICLE{BP2002,
 author = {{M. Boguñá} and {R. Pastor-Satorras}},
  title = {},
  journal = {Phys. Rev. E},
  year = {(2002)},
  volume = {66},
  pages = {047104},
  month = { },
  issue = {},
  publisher = {},
}
@ARTICLE{Bo-al2006,
 author = {Boccaletti and Stefano and al},
  title = {Complex networks: Structure and dynamics},
  journal = {Physics reports},
  year = {(2006)},
  volume = {424.4},
  pages = {175-308},
  month = { },
  issue = {},
  publisher = {},
}
@ARTICLE{MS2002,
 author = {{S. Maslov} and {K. Sneppen}},
  title = {Specificity and stability in topology of protein networks},
  journal = {Science},
  year = {(2002)},
  volume = {296},
  pages = {910–913},
  month = { },
  issue = {},
  publisher = {},
} 
@ARTICLE{Ne2003,
 author = {M. E. J. Newman},
  title = {The structure and function of complex networks},
  journal = {SIAM Rev45},
  year = {(2003)},
  volume = {2},
  pages = {167–256},
  month = { },
  issue = {},
  publisher = {},
}
@ARTICLE{WS1998,
 author = {D. J. Watts and S. H. Strogatz},
  title = {Collective dynamics of “small-world” networks},
  journal = {Nature},
  year = {(1998)},
  volume = {393},
  pages = {440–442},
  month = { },
  issue = {},
  publisher = {},
}
@ARTICLE{BC2003,
 author = {G. Bianconi and A. Capocci},
  title = {Number of loops of size h in growing scale-free networks},
  journal = {Phys. Rev. Lett},
  year = {(2003)},
  volume = {90},
  pages = {art. no. 078701},
  month = { },
  issue = {},
  publisher = {},
}
@ARTICLE{Fron-al2002,
 author = {A. Fronczak and J. A. Holyst and M. Jedynak and J. Sienkiewicz},
  title = {Higher order clustering coefficients in Barabasi-Albert networks},
  journal = {Phys. A},
  year = {(2002)},
  volume = {316},
  pages = {688–694},
  month = { },
  issue = {},
  publisher = {},
}
@ARTICLE{Gle-al2001,
 author = {P. M. Gleiss and P. F. Stadler and A. Wagner and D. A. Fell},
  title = {Relevant cycles in chemical reaction networks},
  journal = {Adv. in Complex Systems},
  year = {(2001)},
  volume = {4},
  pages = {207–226},
  month = { },
  issue = {},
  publisher = {},
}
@ARTICLE{RG1999,
 author = {Famous trails to Paul Erdos},
  title = {Relevant cycles in chemical reaction networks},
  journal = {Math. Intelligencer},
  year = {(1999)},
  volume = {51},
  pages = {51–63},
  month = { },
  issue = {},
  publisher = {},
}

@ARTICLE{BiR2015,
 author = {G. Bianconi and C. Rahmede},
  title = {Complex Quantum Network Manifolds in Dimension $d>2$ are Scale-Free},
  journal = { Scientific Reports},
  year = {(2015)},
  volume = {5},
  pages = {13979},
  month = { },
  issue = {},
  publisher = {},
}
@ARTICLE{New2005,
 author = {M. E. J. Newman},
  title = {Power laws, Pareto distributions and Zipf's law},
  journal = { Contemporary Physics},
  year = {(2005)},
  volume = {46},
  pages = {323-351},
  month = { },
  issue = {},
  publisher = {},
}
@ARTICLE{GuR1944,
 author = {B. Gutenberg and R. F. Richter},
  title = {Energy ratio of reflected and refracted seismic waves},
  journal = {Bull. Seismol. Soc. Am},
  year = {(1944)},
  volume = {34},
  pages = {85-102},
  month = { },
  issue = {},
  publisher = {},
}
@BOOK{NeI1994,
 author={G. Neukum and B.A. Ivanov},
 title={in Hazards Due to Comets and Asteroids},
 publisher={edited by T. Gehrels},
 address={{(University of Arizona Press, Tucson, AZ, 1994),pp. 359 – 416}},
 year={},
}
@BOOK{Zipf1949,
 author={G.K. Zipf},
 title={Human Behaviour and the Principle of Least Effort},
 publisher={{Addison-Wesley,Reading}},
 address={},
 year={{MA, 1949}},
}
@BOOK{Estoup1916,
 author={J.B. Estoup},
 title={Gammes Stenographiques},
 publisher={{Institut Stenographique de France, Paris}},
 address={(1916)},
 year={},
}

@ARTICLE{ZaM2001,
 author = {D.H. Zanette and S.C. Manrubia},
  title = {Vertical transmission of culture and the distribution of family names},
  journal = {Physica A},
  year = {(2001)},
  volume = {295},
  pages = {1},
  month = { },
  issue = {},
  publisher = {},
}
@ARTICLE{LoW1926,
 author = {A.J. Lotka},
  title = {The frequency distribution of scientific productivity },
  journal = {Acad. Sci},
  year = {(1926)},
  volume = {16},
  pages = {317-323},
  month = { },
  issue = {},
  publisher = {},
}
@ARTICLE{Price1965,
 author = {D.J. de S. Price},
  title = {Networks of Scientific Papers},
  journal = {Science },
  year = {(1965)},
  volume = {149},
  pages = {510-515},
  month = { },
  issue = {},
  publisher = {},
}
@ARTICLE{AdH2000,
 author = {L. A. Adamic and B. A. Huberman},
  title = { Q. J. Electron},
  journal = {Commerce},
  year = {(2000)},
  volume = {1},
  pages = {512},
  month = { },
  issue = {},
  publisher = {},
}
@ARTICLE{Cox-al1995,
 author = {R.A.K. Cox and J.M. Felton and K.C. Chung},
  title = {The concentration of commercial success in popular music: an analysis of the distribution of gold records},
  journal = {J. Cult. Econ},
  year = {(1995)},
  volume = {19},
  pages = {333-340},
  month = { },
  issue = {},
  publisher = {},
}
@ARTICLE{WilY1922,
 author = {J.C. Willis and G.U. Yule},
  title = {Some statistics of evolution and geographical distribution in plants and animals and their significance},
  journal = {Nature},
  year = {(1922)},
  volume = {109},
  pages = {177},
  month = { },
  issue = {},
  publisher = {},
}
@BOOK{Pareto1896,
 author={ V. Pareto},
 title={{Cours d’Economie Politique}},
 publisher={Droz},
 address={Geneva},
 year={(1896)},
}
@ARTICLE{Aa-al2009,
 author = {Aaron Clauset and Cosma Rohilla Shalizi and M. E. J. Newman},
  title = {Power-Law Distributions in Empirical Data},
  journal = {SIAM Review},
  year = {(2009)},
  volume = {51 n.4},
  pages = {661-703},
  month = {November },
  issue = {},
  publisher = {},
} 
@ARTICLE{Dou-al2007,
 author = {{Dourisboure, Y.} and {F. Geraci,} and {M. Pellegrini}},
  title = {{in WWW’07: Proceedings of the 16th international conference on the World Wide Web (ACM, New York, NY, USA)}},
  journal = {},
  year = {(2007)},
  volume = {},
  pages = {461-470},
  month = {},
  issue = {},
  publisher = {},
}
@ARTICLE{Flak-al2002,
 author = {Flake and G. W. and S. Lawrence and C. Lee Giles and F. M. Coetzee},
  title = {Self-organization and identification of Web communities},
  journal = {IEEE Computer},
  year = {(2002)},
  volume = {35},
  pages = {66},
  month = { },
  issue = {},
  publisher = {},
}
@ARTICLE{ChY2006,
 author = {J. Chen and B. Yuan},
  title = {Detecting functional modules in the yeast protein–protein interaction network},
  journal = {Bioinformatics},
  year = {(2006)},
  volume = {22(18)},
  pages = {2283},
  month = { },
  issue = {},
  publisher = {},
}
@ARTICLE{RivT2003,
 author = {A. W. Rives and T. Galitski},
  title = {Modular organization of cellular networks},
  journal = {Proc. Natl. Acad. Sci.USA},
  year = {(2003)},
  volume = {100(3)},
  pages = {1128},
  month = { },
  issue = {},
  publisher = {},
}
@ARTICLE{KriW2000,
 author = {B. Krishnamurthy and J. Wang},
  title = {On network-aware clustering of Web clients},
  journal = {{Proceedings of the conference on Applications, Technologies, Architectures, and Protocols for Computer Communication} },
  year = {(2000)},
  volume = {30(4)},
  pages = {97},
  month = { },
  issue = {},
  publisher = {},
}
@ARTICLE{Steen2001,
 author = {M. Steenstrup},
  title = {Cluster-Based Networks},
  journal = {Addison Wesley, Reading, USA},
  year = {(2001)},
  volume = {{chapter 4}},
  pages = {75–138},
  month = { },
  issue = {},
  publisher = {},
}
@ARTICLE{Csermely2008,
 author = {P. Csermely},
  title = {Cluster-Based Networks},
  journal = {Trends Biochem. Sci},
  year = {(2008)},
  volume = {33(12)},
  pages = {569},
  month = { },
  issue = {},
  publisher = {},
}
@ARTICLE{Erdos-Renyi1959,
 author = {P. Erdos and A. Rényi},
  title = {On random graphs},
  journal = {Publicationes Mathematicae},
  year = {(1959)},
  volume = {6},
  pages = {290–297},
  month = { },
  issue = {},
  publisher = {},
}
@ARTICLE{Erdos-Renyi1960,
 author = {P. Erdos and A. Rényi},
  title = {On the evolution of random graphs},
  journal = { Publications of the Mathematical Institute of the Hungarian Academy of Sciences },
  year = {(1960)},
  volume = {5},
  pages = {17–61},
  month = { },
  issue = {},
  publisher = {},
}
@ARTICLE{Erdos-Renyi1961,
 author = {P. Erdos and A. Rényi},
  title = {On the strength of connectedness of a random graph},
  journal = {Acta Mathematica Scientia Hungary},
  year = {(1961)},
  volume = {12},
  pages = {261-267},
  month = { },
  issue = {},
  publisher = {},
}
@ARTICLE{ Bollobas1998,
 author = {B. Bollobás},
  title = { Modern Graph Theory},
  journal = {Springer},
  year = {(1998,New York)},
  volume = {},
  pages = {},
  month = { },
  issue = {},
  publisher = {},
}
@ARTICLE{Watss-Strogatz1998,
author = { D.J. Watts and S.H. Strogatz },
title = { Collective dynamics of { small-world} networks },
journal = { Nature },
year = {(1998)},
volume = {393},
pages = { 440–442},
month = { },
issue = {},
publisher = {},
 }
@ARTICLE{Barthelemy-Amaral1999,
author = { M. Barthélemy and L. A. N. Amaral},
title = { Small-world networks: Evidence for a crossover},
journal = {  Phys. Rev. Lett },
year = {(1999)},
volume = {82},
pages = { 3180},
month = { },
issue = {},
publisher = {},
 }
@ARTICLE{Newman-al2000,
author = { M. E. J. Newman and  C. Moore and D.J. Watts},
title = {Mean-Field Solution of the Small-World Network Model},
journal = {  Phys. Rev. Lett },
year = {(2000)},
volume = {84},
pages = { 3201},
month = { },
issue = {},
publisher = {},
 }
@BOOK{Newman2010-558,
 author={M.E.J. Newman},
 title={ {Networks: An Introduction}},
 publisher={University of Michigan and Santa Fe Institute Press},
 address={},
 year={(2010)p.558-
560},
}
@ARTICLE{Barrat-Weigt2000,
author = { A. Barrat and  M. Weigt},
title = {On the properties of small-world network models},
journal = {  Eur. Phys. J. B },
year = {(2000)},
volume = {13},
pages = { 547},
month = { },
issue = {},
publisher = {},
 }
@ARTICLE{Dorogovtsev-al2000,
author = { S. N. Dorogovtsev and J. F. F. Mendes and A. N. Samukhin},
title = {  Growing network with heritable connectivity of nodes},
journal = { ArXiv Condensed Matter e-prints },
year = {(2000)},
volume = {},
pages = { },
month = { },
issue = {},
publisher = {},
 }
@ARTICLE{Krapivsky-al2000,
author = { P. L. Krapivsky and S. Redner  and F. Leyvraz},
title = {  Connectivity of growing random networks},
journal = { Physical Review Letters },
year = {(2000)},
volume = {85},
pages = {4629–4632 },
month = { },
issue = {},
publisher = {},
 }
@ARTICLE{Bollobas-Riordan2002,
author = { B. Bollobás and O. Riordan},
title = {A  polynomial  of  graphs  on  surfaces},
journal = {Math. Ann},
year = {(2002)},
volume = {323},
pages = {1-35},
month = { },
issue = {},
publisher = {University of Memphis},
 }
@ARTICLE{Dorogovtsev-al2000-2,
author = { S. N. Dorogovtsev and J. F. F. Mendes and A. N. Samukhin},
title = {Structure of growing networks with preferential linking},
journal = {Phys. Rev. Lett },
year = {(2000)},
volume = {85},
pages = {4633–4636 },
month = { },
issue = {},
publisher = {},
 }
@BOOK{Dehmer2011,
 author={ M. Dehmer},
 title={ Structural Analysis of Complex Networks },
 publisher={  Springer},
 address={ },
 year={(2011)},
}
@ARTICLE{Hage-Harary1995,
author = {P. Hage and F. Harary},
title = { Eccentricity and centrality in networks},
journal = {Soc Networks},
year = {(1995)},
volume = {17},
pages = {57–63},
month = { },
issue = {},
publisher = {},
 }
@BOOK{Wasserman-Faust1994,
 author={S. Wasserman and K. Faust},
 title={Social network analysis: methods and applications. Structural analysis in the social sciences },
 publisher={Cambridge University Press},
 address={ Cambridge },
 year={(1994)},
}
@ARTICLE{Freeman1977,
author = {L. C. Freeman},
title = { A set of measures of centrality based on betweenness},
journal = {Sociometry},
year = {(1977)},
volume = {40},
pages = {35–41},
month = { },
issue = {},
publisher = {},
 }
@ARTICLE{Qi-al2010,
author = {Q. Ye and B. Wu and B. Wang},
title = {Distance distribution and average shortest path length estimation in real-world networks},
journal = { In Proceedings of the 6th international conference on Advanced data mining and applications: Part I},
year = {(2010)},
volume = {volume 6440 of Lecture Notes in Computer Science},
pages = {322–333},
month = { },
issue = {},
publisher = { Springer},
 }
@ARTICLE{Latora-Marchiori2001,
author = {V. Latora and M. Marchiori},
title = {Efficient behavior of small-world networks},
journal = { Phys. Rev. Lett},
year = {(2001)},
volume = {87(19)},
pages = {198701},
month = { Oct },
issue = {},
publisher = { Springer},
 }
@ARTICLE{Melnik-al2011,
author = {S. Melnik and A. Hackett and M. A. Porter and  P. J. Mucha and J. P. Gleeson},
title = {The unreasonable effectiveness of tree-based theory for networks with clustering},
journal = { Phys. Rev. E},
year = {(2011)},
volume = {83},
pages = { 036112},
month = { },
issue = {},
publisher = {},
 }
@ARTICLE{Albert-al2000,
author = {R. Albert and H. Jeong and {A. L. Barab\'{a}si}},
title = {Error and attack tolerance of complex networks},
journal = {Nature (London)},
year = {(2000)},
volume = {406},
pages = { 378},
month = { },
issue = {},
publisher = {},
 }
@ARTICLE{AB2002,
author = {R. Albert and {A.-L. Barab\'{a}si}},
title = {Statistical mechanics of complex networks},
journal = { Rev. Mod. Phys},
year = {(2002)},
volume = {74},
pages = { 47},
month = { },
issue = {},
publisher = {},
 }
@ARTICLE{Dorogovtsev-Mendes2002,
author = {S. N. Dorogovtsev and J. F. F. Mendes},
title = {Evolution of networks},
journal = {Adv. Phys},
year = {(2002)},
volume = {51},
pages = { 1079},
month = { },
issue = {},
publisher = {},
 }
@ARTICLE{ Newman2003,
author = {M. E. J. Newman},
title = {The structure and function of complex networks},
journal = { SIAM Rev},
year = {(2003)},
volume = {45},
pages = { 167},
month = { },
issue = {},
publisher = {},
 }
@ARTICLE{ Deng-al2009,
author = {W. B. Deng and L. Guo and W. Li and X. Cai},
title = {World wide Marine Transportation Network: Efficiency and Container Throughput},
journal = { Chin. Phys. Lett},
year = {(2009)},
volume = {26},
pages = { 118901},
month = { },
issue = {},
publisher = {},
 }
@ARTICLE{Albert-al2004,
author = {R. Albert and I. Albert and G. L. Nakarado},
title = {Structural vulnerability of the North American power grid},
journal = { Phys. Rev. E},
year = {(2004)},
volume = {69},
pages = {025103},
month = { },
issue = {},
publisher = {},
 }
@BOOK{Achacoso-Yamamoto1992,
 author={T. B. Achacoso and W. S. Yamamoto},
 title={AY's Neuroanatomy of C. elegans for Computation},
 publisher={CRC Press},
 address={{ Boca Raton, FL} },
 year={(1992)},
}
@ARTICLE{BA-al1999,
author = {{A.-L. Barab\'{a}si} and H. Jeong and R. Albert},
title = {Statistical Mechanics and its Applications },
journal = { Physica A},
year = {(1999)},
volume = {272},
pages = {173},
month = { },
issue = {1},
publisher = {},
 }
@ARTICLE{Zhao-al2006,
author = {M. Zhao and T. Zhou and B.-H. Wang and G. Yan and H.-J. Yang and W.-J. Bai},
title = {{Relations between average distance, heterogeneity and network synchronizability}},
journal = {Physica A},
year = {(2006)},
volume = {371},
pages = { 377},
month = { },
issue = {},
publisher = {},
 }
@ARTICLE{Xie-al2008,
author = {{Y.-B. Xie} and T. Zhou and {B.-H. Wang}},
title = {Scale-free networks without growth},
journal = { Physica A},
year = {(2008)},
volume = { 387},
pages = {1683},
month = { },
issue = {},
publisher = {},
 }
@ARTICLE{Samalam,
author = {V. K. Samalam},
title = {},
journal = {arXiv:1202.1498},
year = {},
volume = { },
pages = {},
month = { },
issue = {},
publisher = {},
 }
@ARTICLE{Krapivsky-al2000,
author = {P. L. Krapivsky and S. Redne and F. Leyvraz },
title = {Connectivity of Growing Random Networks},
journal = { Phys. Rev. Lett},
year = { (2000)},
volume = { 85 },
pages = { 4629},
month = { },
issue = {},
publisher = {},
}
@BOOK{Pareto1897,
 author={V. Pareto},
 title={{Cours d' \'{E}conomie Politique}},
 publisher={},
 address={ },
 year={{ (Lausanne, 1897)}},
}
@BOOK{Barrat-a2008l,
 author={A. Barrat et al},
 title={ Dynamical Processes on Complex Networks},
 publisher={},
 address={ },
 year={{  (Cambridge University Press, 2008)}},
}
@BOOK{Cohen-Havlinl2010,
 author={R. Cohen and S. Havlin},
 title={ {Complex Networks: Structure, Robustness and Function}},
 publisher={},
 address={ },
 year={{ (Cambridge University Press, 2010)}},
}
@ARTICLE{Nordsieck-al1940,
author = {A. Nordsieck and W. E. Lamb Jr. and G. E. Uhlenbeck },
title = { On the theory of cosmic-ray showers I: The Furry model and the fluctuation problem},
journal = {Physica},
year = { (1940)},
volume = {7(4)},
pages = {344–360},
month = { },
issue = {},
publisher = {},
}
@ARTICLE{Furry1937,
author = {W. H. Furry },
title = {On fluctuation phenomena in the passage of high energy electrons through lead},
journal = {Phys. Rev},
year = { (1937)},
volume = {52(6)},
pages = {569–581},
month = { },
issue = {},
publisher = {},
}
@ARTICLE{Feller1939,
author = {W. Feller},
title = {Die Grundlagen der Volterraschen Theorie des Kampfes ums Dasein in wahrscheinlichkeitstheoretischer Behandlung},
journal = {Acta Biotheor},
year = { (1939)},
volume = {52(6)},
pages = {11–40},
month = { },
issue = {},
publisher = {},
}
@ARTICLE{Delbruck1940,
author = {M. Delbrück},
title = {Statistical fluctuations in autocatalytic reactions},
journal = {J. Chem. Phys},
year = { (1940)},
volume = {8(1)},
pages = {120–124},
month = { },
issue = {},
publisher = {},
}
@BOOK{Kampen2007,
 author={N. G. van Kampen},
 title={ Stochastic Processes in Physics and Chemistry},
 publisher={North-Holland Personal Library. Elsevier},
 address={Amsterdam},
 year={{3rd edition, 2007}},
}
@BOOK{Gardiner2009,
 author={C. Gardiner},
 title={Stochastic Methods - A Handbook for the Natural and Social Sciences},
 publisher={volume 13 of Springer Series in Synergetics},
 address={Amsterdam},
 year={{ Springer, Berlin, Heidelberg, 4th edition, 2009}},
}
@ARTICLE{Weber-Frey2017,
author = {Weber M F and Frey E},
title = {Master equations and the theory of stochastic path integrals},
journal = {Rep. Prog. Phys},
year = { (2017)},
volume = {80},
pages = {046601},
month = { },
issue = {},
publisher = {},
}
@ARTICLE{Glauber1963,
author = {R. J. Glauber},
title = {Time-dependent statistics of the Ising model},
journal = {J. Math. Phys},
year = { (1963)},
volume = {4(2)},
pages = {294–307},
month = { },
issue = {},
publisher = {},
}
@ARTICLE{Kawasaki1966-1,
author = {K. Kawasaki},
title = {Diffusion constants near the critical point for  time-dependent  Ising  models.  I},
journal = {Phys. Rev},
year = { (1966)},
volume = {145(1)},
pages = {224–230},
month = { },
issue = {},
publisher = {},
}
@ARTICLE{Kawasaki1966-2,
author = {K. Kawasaki},
title = {Diffusion constants near the critical point for  time-dependent  Ising  models.  II},
journal = {Phys. Rev},
year = { (1966)},
volume = {148(1)},
pages = {375–381},
month = {},
issue = {},
publisher = {},
}
@ARTICLE{Kawasaki1966-3,
author = {K. Kawasaki},
title = {Diffusion constants near the critical point for  time-dependent  Ising  models.  III},
journal = {Phys. Rev},
year = { (1966)},
volume = {150},
pages = {285–290},
month = {},
issue = {1},
publisher = {},
}
@ARTICLE{Walczak-al2009,
author = {A. M. Walczak and A. Mugler and C. H. Wiggins},
title = { A stochastic spectral analysis of transcriptional regulatory cascades},
journal = {Proc. Natl. Acad. Sci. USA},
year = { (2009)},
volume = {106},
pages = {6529–6534},
month = {},
issue = {16},
publisher = {},
}
@ARTICLE{Rao-al2002,
author = {C. V. Rao and D. M. Wolf and and A. P. Arkin},
title = {{Control, exploitation and tolerance of intracellular noise}},
journal = {Nature},
year = { (2002)},
volume = {420},
pages = {231–237},
month = {},
issue = {6912},
publisher = {},
}
@ARTICLE{Tsimring2014,
author = {L. S. Tsimring},
title = {Noise in biology},
journal = {Rep. Prog. Phys},
year = { (2014)},
volume = {77},
pages = {026601},
month = {},
issue = {2},
publisher = {},
}
@ARTICLE{Bailey1950,
author = {N. T. J. Bailey},
title = {A simple stochastic epidemic},
journal = {Biometrika},
year = { (1950)},
volume = {37},
pages = {193–202},
month = {},
issue = {3/4},
publisher = {},
}
@ARTICLE{Rock2014,
author = {K. Rock and S. Brand and J. Moir and M. J. Keeling},
title = {Dynamics of infectious diseases},
journal = {Rep. Prog. Phys},
year = { (2014)},
volume = {77},
pages = {026602},
month = {},
issue = {2},
publisher = {},
}
@ARTICLE{Clayton-al2007,
author = {E. Clayton and D. P. Doupé and A. M. Klein and D. J. Winton and B. D.Simons and P. H. Jones},
title = {A single type of progenitor cell maintains normal epidermis},
journal = {Nature},
year = { (2007)},
volume = {446},
pages = {185–189},
month = {},
issue = {7132},
publisher = {},
}
@ARTICLE{Weidlich-Braun1992,
author = {W. Weidlich and M. Braun},
title = {The master equation approach to nonlinear economics},
journal = {J. Evol. Econ},
year = { (1992)},
volume = {2},
pages = {233–265},
month = {},
issue = {3},
publisher = {},
}
@ARTICLE{Gross-al2008,
author = { D. Gross and J. F. Shortle and J. M. Thompson and C. M. Harris},
title = {Fundamentals of Queueing Theory},
journal = {{John Wiley and Sons,} {Hoboken,} NJ{, 4th edition}},
year = {(2008)},
volume = {},
pages = {},
month = {},
issue = {},
publisher = {},
}
@BOOK{Barabasi2015,
 author={A. L. Barabási},
 title={Network Science},
 publisher={Cambridge University Press},
 address={},
 year={(2015)},
}
@BOOK{Barabasi2002,
 author={A. L. Barabási},
 title={Linked: The New Science of Networks},
 publisher={Perseus},
 address={Cambridge},
 year={2002},
}
@ARTICLE{Metropolis-al1953,
author = { N. Metropolis and A. W. Rosenbluth and M. N. Rosenbluth and A. H. Teller and E. Teller},
title = {Equation of state calculations by fast computing machines},
journal = {Journal of Chemical Physics },
year = {(1953)},
volume = {21},
pages = {1087–1092},
month = {},
issue = {},
publisher = {},
}
@BOOK{Newman2010-456,
 author={M. E. J. Newman},
 title={ {Networks: An Introduction}},
 publisher={University of Michigan and Santa Fe Institute Press},
 address={},
 year={(2010)p.456},
}
@BOOK{Cohen-Havlinl2010-72,
 author={R. Cohen and S. Havlin},
 title={ {Complex Networks: Structure, Robustness and Function}},
 publisher={},
 address={ },
 year={{ (Cambridge University Press, 2010).pp:72-77}},
}
@ARTICLE{Kalisky-al2006,
author = {T. Kalisky and R. Cohen and O. Mokryn and  D. Dolev and Y. Shavitt and S. Havlin},
title = {Equation of state calculations by fast computing machines},
journal = {Phys. Rev. E },
year = {(2006)},
volume = {74},
pages = {066108},
month = {},
issue = {},
publisher = {},
}
@BOOK{Newman2010,
 author={M. E. J. Newman},
 title={ {Networks: An Introduction}},
 publisher={University of Michigan and Santa Fe Institute Press},
 address={},
 year={(2010)},
}
@ARTICLE{Newman-Watts1999,
author = {M. Newman and D. Watts},
title = {Scaling and percolation in the small-world network model},
journal = {Phys. Lett. A  },
year = {(1999)},
volume = {341},
pages = {},
month = {},
issue = {},
publisher = {},
}
@ARTICLE{Barrat,
author = {A. Barrat},
title = {{Comment on ‘Small-world networks: crossover picture’}},
journal = {},
year = {},
volume = {},
pages = {},
month = {},
issue = {},
publisher = {cond-mat/9903323},
}
@ARTICLE{Newman-Watts1999-3,
author = {M. E. J. Newman and D. J. Watts},
title = {Scaling and percolation in the small-world network model},
journal = {Phys. Rev.E },
year = {(1999)},
volume = {60},
pages = {7332},
month = {},
issue = {},
publisher = {},
}
@ARTICLE{Argollo-al2000,
author = {M. Argollo de Menezes and C. Moukarzel and T.J.P. Penna},
title = {},
journal = {Europhys. Lett},
year = {(2000)},
volume = {50},
pages = {574},
month = {},
issue = {},
publisher = {},
}
@ARTICLE{Dorogovtsev-Mendes2004,
author = {S. N. Dorogovtsev and J. F. F. Mendes},
title = {The shortest path to complex networks},
journal = {},
year = {(2004)},
volume = {},
pages = {},
month = {},
issue = {},
publisher = {cond-mat/0404593},
}
@ARTICLE{Bollobas-Riordan2004,
author = {B. Bollobás and O. Riordan},
title = {The diameter of a scale-free random graph},
journal = {Combinatorica},
year = {(2004)},
volume = {24},
pages = {5-34},
month = {},
issue = {1},
publisher = {},
}
@BOOK{Cohen-Havlin2009,
 author={R. Cohen and S. Havlin},
 title={ {Scaling properties of complex networks and spanning trees,
Chapter 3 in ”Handbook of Large-Scale Random Networks”, Eds. Bela Bollobas, Robert
Kozma and Dezso Miklos}},
 publisher={(Bolyai Society of Mathematical Studies and Springer, 2009)},
 address={},
 year={},
}
@BOOK{Cohen-al2002,
 author={R. Cohen and S. Havlin and D. ben Avraham},
 title={ { Structural properties of scale free networks,
in: S. Bornholdt and H. G. Schuster, editors, Handbook of graphs and networks, chapter
4}},
 publisher={Wiley-VCH},
 address={Berlin},
 year={ (2002)},
}
@ARTICLE{Chung-Lu2002,
author = {F. Chung and L. Lu},
title = {The average distances in random graphs with given expected degrees},
journal = {PNAS},
year = {(2002)},
volume = {99},
pages = {15879-15882},
month = {},
issue = {},
publisher = {},
}
@ARTICLE{Fox-Bellwood2014,
author = {R. J. Fox and D. R. Bellwood},
title = {Herbivores in a small world: network theory highlights vulnerability in the function of herbivory on coral reefs},
journal = {Fuctional Ecology },
year = {(2014)},
volume = {28},
pages = {642},
month = {},
issue = {},
publisher = {},
}
@ARTICLE{Hofstad-al2014,
author = {R. van der Hofstad and G. Hooghiemstra and D. Znamenski},
title = { Distances in random graphs with finite mean and infinite variance degrees},
journal = {Electronic Journal of Probability},
year = {(2007)},
volume = {12},
pages = {703766},
month = {},
issue = {},
publisher = {},
}
@BOOK{Bollobas1985,
 author={{B. Bollobás}},
 title={ Random Graphs},
 publisher={Academic Press},
 address={London},
 year={(1985)},
}
@ARTICLE{Fronczak-al2004,
author = {A. Fronczak and P. Fronczak and J. A. Holyst},
title = {Average path length in random networks},
journal = {Phys. Rev. E },
year = {(2004)},
volume = {70},
pages = {056110},
month = {},
issue = {},
publisher = {},
}
@ARTICLE{Hofstad-al2004,
author = {R. van der Hofstad and G. Hooghiemstra and P. Van Mieghem},
title = {Random graphs with arbitrary i.i.d. degrees},
journal = { Random Structures and Algorithms},
year = {(2006)},
volume = {26},
pages = {76123},
month = {},
issue = {},
publisher = {},
}
@BOOK{Bollobas-Riodan2002,
 author={{B. Bollobás and O. Riordan}},
 title={Handbook of graphs and networks, eds. S. Bornholdt and
H. G. Schuster },
 publisher={Wiley-VCH},
 address={Berlin},
 year={(2002)},
}
@ARTICLE{Strogatz2001,
author = { S. H. Strogatz},
title = {Exploring complex networks},
journal = {Nature},
year = {(2001)},
volume = {410},
pages = {268–276},
month = {},
issue = {},
publisher = {},
}
@ARTICLE{Newman-al2002,
author = {M. E. J. Newman and D. J. Watts and S. H. Strogatz},
title = {Random graph models of social networks},
journal = {Proc. Natl Acad. Sci},
year = {(2002)},
volume = {99},
pages = {2566–2572},
month = {},
issue = {},
publisher = {},
}
@ARTICLE{Song-al2006,
author = {C. Song and S. Havlin and H. A. Makse},
title = {Origins of fractality in the growth of complex networks},
journal = { Nature Phys},
year = {(2006)},
volume = {2},
pages = {275–281},
month = {},
issue = {},
publisher = {},
}
@ARTICLE{Parshani-al2010,
author = {R. Parshani and S. V. Bulyrev and S. Havlin},
title = {Interdependent networks: Reducing the coupling strength leads to a change from a first to second order percolation
transition},
journal = {Phys. Rev. Lett},
year = {(2010)},
volume = {105},
pages = {048701},
month = {},
issue = {},
publisher = {},
}
@ARTICLE{Parshani2-al2010,
author = {R. Parshani and S. V. Bulyrev and H. E. Stanley and S. Havlin},
title = {Catastrophic cascade of failures in interdependent networks},
journal = {Nature},
year = {(2010)},
volume = {464},
pages = {1025–1028},
month = {},
issue = {},
publisher = {},
}
@BOOK{Ben-Avraham-Havlin2001,
 author={D. Ben-Avraham and S. Havlin},
 title={ Diffusion and Reactions in Fractals and Disordered Systems },
 publisher={Cambridge Univ. Press},
 address={},
 year={(2001)},
}
@ARTICLE{Dorogovtsev-al2008,
author = {S. N. Dorogovtsev and A. V. Goltsev and J. F. F. Mendes},
title = {Critical phenomena in complex networks},
journal = {Rev. Mod. Phys},
year = {(2008)},
volume = {80},
pages = {1275–1335},
month = {},
issue = {},
publisher = {},
}
@ARTICLE{Rozenfeld-al2010,
author = {H. D. Rozenfeld and L. K. Gallos and H. A. Makse},
title = {Explosive percolation in the human protein homology networks},
journal = {Eur. Phys. J.},
year = {(2010)},
volume = {E 75},
pages = {305–310},
month = {},
issue = {},
publisher = {},
}
@BOOK{Bunde-Havlin1996,
 author={A.  Bunde  and  S.  Havlin},
 title={Fractals  and  Disordered  Systems},
 publisher={Springer},
 address={Berlin},
 year={(1996)},
}
@BOOK{Stauffer-Aharony1994,
 author={D. Stauffer and A. Aharony},
 title={Introduction to Percolation Theory},
 publisher={Taylor and Francis},
 address={London},
 year={(1994)},
}
@ARTICLE{Jaeger-al1998,
author = {G. Jaeger},
title = {The Ehrenfest classification of phase transitions: introduction and evolution},
journal = {Archive for History of Exact Sciences},
year = {(1998)},
volume = {53 (1)},
pages = {51–81},
month = {},
issue = {},
publisher = {},
} 
@ARTICLE{Araujo-al2014,
author = {{N. Araújo} and P. Grassberger and B. Kahng and K. Schrenk and R. Ziff},
title = {Recent advances and open challenges in percolation},
journal = {Eur. Phys. J. Spec. Top},
year = {(2014)},
volume = {223 (11)},
pages = {2307–2321},
month = {},
issue = {},
publisher = {},
}
@ARTICLE{Souza-Nagler2015,
author = {{R. M. D’Souza and J. Nagler}},
title = {Anomalous critical and supercritical phenomena in explosive percolation},
journal = {Nat. Phys},
year = {(2015)},
volume = {11},
pages = {531–538},
month = {},
issue = {},
publisher = {},
}
@ARTICLE{Boccaletti-al2016,
author = {S. Boccaletti and J. Almendral and S. Guan and I. Leyva and Z. Liu and I. Sendina-Nadal and Z. Wang and Y. Zou},
title = {{Explosive transitions in complex networks’ structure and dynamics: percolation and synchronization}},
journal = {Physics Reports},
year = {(2016)},
volume = {660},
pages = {1},
month = {},
issue = {},
publisher = {},
}
@ARTICLE{Adler1991,
author = {J. Adler},
title = {Bootstrap percolation},
journal = {Physica A },
year = {(1991)},
volume = {453},
pages = {171},
month = {},
issue = {},
publisher = {},
}
@ARTICLE{Dorogovtsev2-2006,
author = {S. N. Dorogovtsev and A. V. Goltsev and J. F. F. Mendes},
title = {k-core organization of complex networks},
journal = {Phys. Rev. Lett},
year = {(2006)},
volume = {96},
pages = {040601},
month = {},
issue = {},
publisher = {},
}
@ARTICLE{Echenique-al2005,
author = {P. Echenique and J. Gómez-Gardeñes and Y. Moreno},
title = {Dynamics of jamming transitions in complex networks},
journal = {EPL (Europhysics Letters)},
year = {(2005)},
volume = {71 (2)},
pages = {325–331},
month = {},
issue = {},
publisher = {},
}
@ARTICLE{Sungryong-Arjun2015,
author = {S. Hong  and  A. Dey},
title = {Network analysis of cosmic structures:  network central-
ity and topological environment},
journal = {Monthly Notices  of  the  Royal  Astronomical  Society},
year = {(2015)},
volume = {450},
pages = {1999-2015},
month = {June},
issue = {},
publisher = {},
}
@ARTICLE{Achlioptas-al2009,
author = {D. Achlioptas and R. M. D’Souza and J. Spencer},
title = {Explosive percolation in random networks},
journal = {Science},
year = {(2009)},
volume = {323 (5920)},
pages = {1453–1455},
month = {},
issue = {},
publisher = {},
} 
@ARTICLE{Bohman-Frieze2001,
author = {T. Bohman and A.M. Frieze},
title = {Avoiding a giant component},
journal = {Random Structures and Algorithms},
year = {(2001)},
volume = {19},
pages = {75-85},
month = {},
issue = {},
publisher = {},
}
@ARTICLE{Costa-al2010,
author = {R. A. da Costa and S. N. Dorogovtsev and A. V. Goltsev and J. F. F. Mendes},
title = {Explosive percolation transition is actually continuous},
journal = {Phys. Rev. Lett},
year = {(2010)},
volume = {105 },
pages = {255701},
month = {},
issue = {},
publisher = {},
}  
@ARTICLE{Costa-al2015,
author = {R. A. da Costa and S. N. Dorogovtsev and A. V. Goltsev and J. F. F. Mendes},
title = {Inverting the achlioptas rule for explosive percolation},
journal = {Phys. Rev. E},
year = {(2015)},
volume = {91},
pages = {},
month = {},
issue = {},
publisher = {},
}
@ARTICLE{Cho-Kahng2011,
author = {Y. S. Cho and B. Kahng},
title = {Suppression effect on explosive percolation},
journal = {Phys. Rev. Lett},
year = {(2011)},
volume = {107},
pages = {275703},
month = {},
issue = {},
publisher = {},
}
@ARTICLE{Bollobas-1984,
author = {B. Bollobas},
title = {The evolution of random graphs},
journal = {Trans. Amer. Math. Soc},
year = {(1984)},
volume = {286},
pages = {257—274},
month = {},
issue = {},
publisher = {},
}
@ARTICLE{Riordan-Warnke2011,
author = {O. Riordan and L. Warnke},
title = {Explosive percolation is continuous},
journal = {Science},
year = {(2011)},
volume = {333},
pages = {322},
month = {},
issue = {},
publisher = {},
}
@ARTICLE{Riordan-Warnke2012,
author = {O. Riordan and L. Warnke},
title = {Achlioptas process phase transitions are continuous},
journal = {The Ann. Appl.Prob},
year = {(2012)},
volume = {22 },
pages = {1450–1464},
month = {},
issue = {},
publisher = {},
}
@ARTICLE{Saberi2015,
author = {A. A. Saberi},
title = {Recent advances in percolation theory and its applications},
journal = {Phys.Rep},
year = {(2015)},
volume = {578 },
pages = {},
month = {},
issue = {},
publisher = {},
}
@ARTICLE{Cho-al2010,
author = {Y. S. Cho and B. Kahng and D. Kim},
title = {Cluster aggregation model for discontinuous percolation transitions},
journal = {Phys. Rev. E},
year = {(2010)},
volume = {81},
pages = {030103(R)},
month = {},
issue = {},
publisher = {},
}
@ARTICLE{Moreira-al2010,
author = {A. A. Moreira and E. A. Oliveira and S. D. S. Reis and H. J. Herrmann and J. S. Andrade},
title = {Hamiltonian approach for explosive percolation},
journal = {Phys. Rev. E},
year = {(2010)},
volume = {81},
pages = {040101},
month = {},
issue = {},
publisher = {},
}
@ARTICLE{Bastas-al2014,
author = {N. Bastas and P. Giazitzidis and M. Maragakis and K. Kosmidis},
title = {Explosive percolation: Unusual transitions of a simple model},
journal = {Physica A: Statistical Mechanics and its Applications},
year = {(2014)},
volume = {407},
pages = {54–65},
month = {},
issue = {},
publisher = {},
}
@ARTICLE{Cao-Schwarz2012,
author = {L. Cao and J. M. Schwarz},
title = {Correlated percolation and tricriticality},
journal = {Phys. Rev. E},
year = {(2012)},
volume = {86},
pages = {061131},
month = {},
issue = {},
publisher = {},
}
@ARTICLE{Fan-al2012,
author = {J. Fan and M. Liu and L. Li and X. Chen},
title = {Continuous percolation phase transitions of random networks under a generalized achlioptas process},
journal = {Phys. Rev. E},
year = {(2012)},
volume = {85},
pages = {061110},
month = {},
issue = {},
publisher = {},
}
@ARTICLE{Baxter-al2010,
author = {G. J. Baxter and S. N. Dorogovtsev and A. V. Goltsev and J. F. F. Mendes},
title = {Bootstrap percolation on complex networks},
journal = {Phys. Rev. E},
year = {(2010)},
volume = {82 (1)},
pages = {},
month = {},
issue = {},
publisher = {},
}
@ARTICLE{Nagler-al2012,
author = {J. Nagler and T. Tiessen and H. W. Gutch},
title = {Continuous percolation with discontinuities},
journal = {Phys. Rev. X},
year = {(2012)},
volume = {2},
pages = {031009},
month = {},
issue = {},
publisher = {},
}
@ARTICLE{Ziff-al1983,
author = {R. M. Ziff and E. M. Hendriks and Ernst.M.H},
title = {Kinetics of gelation and universality},
journal = {J. Phys. A: Math. Gen},
year = {(1983)},
volume = {16},
pages = {2293},
month = {},
issue = {10},
publisher = {},
}
@ARTICLE{Cho2-Kahng2011,
author = {Y. S. Cho and B. Kahng},
title = {Discontinuous percolation transitions in real physical systems},
journal = {Phys. Rev. E},
year = {(2011)},
volume = {84},
pages = {050102(R)},
month = {},
issue = {},
publisher = {},
} 

@article{Schulman1983,
  author={L. S. Schulman},
  title={Long range percolation in one dimension},
  journal={Journal of Physics A: Mathematical and General},
  year={(1983)},
  volume={16},
  pages={L639},
month = {},
issue = {},
publisher = {},  
}
@article{Aizenman-Newman1986,
  author={M. Aizenman and C. M. Newman},
  title={ Discontinuity of the Percolation Density in One Dimensional $\frac{1}{\mid x-y\mid^2}$ Percolation Models},
  journal={Commun. Math. Phys},
  year={(1986)},
  volume={107},
  pages={611},
month = {},
issue = {},
publisher = {},  
}
@article{Lee-al2016,
  author={D. Lee and Y.S. Cho and B. Kahng},
  title={Diverse types of percolation transitions},
  journal={J. Stat. Mech. Theor. Exp},
  year={(2016)},
  volume={107},
  pages={124002},
month = {},
issue = {},
publisher = {},  
}
@article{Lachgar-Achahbar2016,
  author={A. Lachgar and A. Achahbar},
  title={Network growth with preferential attachment and without "rich get richer" mechanism},
  journal={Int. J. Mod. Phys. C},
  year={(2016)},
  volume={27},
  pages={1650020},
month = {},
issue = {},
publisher = {},  
}
@BOOK{Newman2010-403,
 author={ M.E.J. Newman},
 title={ {Networks: An Introduction}},
 publisher={University of Michigan and Santa Fe Institute Press},
 address={},
 year={(2010)p.403-408},
}
@article{Mitchell2006,
  author={ M. Mitchell},
  title={Complex  systems:   Network  thinking},
  journal={Artificial Intelligence},
  year={(2006)},
  volume={170},
  pages={1194–1212},
month = {},
issue = {},
publisher = {},  
}
@article{Basheer-Hajmeerb2000,
  author={I.A. Basheer M. Hajmeer},
  title={{Artificial neural networks: fundamentals, computing, design and application}},
  journal={Journal of Microbiological Methods},
  year={(2000)},
  volume={43},
  pages={3–31},
month = {},
issue = {1},
publisher = {},  
}
@article{Passerini-al2017,
  author={A. Passerini and G. Tack and T. Guns},
  title={Introduction to the special issue on Combining Constraint Solving with Mining and Learning},
  journal={Artificial Intelligence},
  year={(2017)},
  volume={244},
  pages={1-5},
month = {},
issue = {},
publisher = {},  
}
@article{Pelissetto-Vicari2002,
  author={A. Pelissetto and E. Vicari},
  title={Critical Phenomena and Renormalization-Group Theory},
  journal={Phys. Rept},
  year={(2002)},
  volume={368},
  pages={549},
month = {},
issue = {},
publisher = {},  
}
@article{Wilson1975,
  author={K.  G. Wilson},
  title={The  Renormalization  Group:  Critical Phenomena  and  the  Kondo  Problem},
  journal={Rev.  Mod.  Phys},
  year={(1975)},
  volume={47},
  pages={773–840},
month = {},
issue = {},
publisher = {},  
}
