%
% contenu du fichier : allbiblio.bib
%
%Jeong, H., B. Tombor, R. Albert, Z. N. Oltvai and A.-L.
%Barab ́si, 2000, Nature 407, 651.


@ARTICLE{Je-al2000,
 author = {Jeong H. and B.Tombor and R.Albert and Z.N.Oltvai and A.L.Barabasi},
  title = {The large-scale organization of a metabolic networks},
  journal = {Nature},
  year = {2000},
  volume = {407},
  pages = {651-654},
  month = {},
  issue = {},
  publisher = {},
}
 
@ARTICLE{F-al1999,
 author = {M. Faloutsos and P. Faloutsos and C. Faloutsos},
  title = {On power-law relationships of the Internet topology},
  journal = {Computer Communication Review },
  year = {1999},
  volume = {29},
  pages = {251},
  month = {},
}
@ARTICLE{BA1999,
 author = {A.-L. Barabasi and R. Albert},
  title = {Emergence of scaling in random networks},
  journal = {Science},
  year = {1999},
  volume = {286},
  pages = {509–512},
  month = {},
  issue = {},
  publisher = {},
}
@ARTICLE{Co-al1990,
 author = {{Cohen, J. E.} and {Briand F.} and {Newman, C. M.}},
  title = {Community food webs: Data and theory},
  journal = {Biomathematics },
  year = {1990},
  volume = {20},
  pages = {},
  month = {},
  issue = {},
  publisher = { Springer Verlag},
}
@BOOK{Pim-al2002,
 author={{Pimm, S. L}},
 title={Food Webs},
 publisher={University of Chicago Press},
 address={Chicago},
 year={2nd ed. 2002},
}
@ARTICLE{NW1999,
 author = {M. Newman and D. Watts},
  title = {},
  journal = {Phys. Lett. A },
  year = {1999},
  volume = {341},
  pages = {},
  month = {},
  issue = {},
  publisher = {},
}
@BOOK{DM2003,
 author={S. N. Dorogovtsev and J. F. F. Mendes},
 title={Evolution of Networks: From Biological Nets to the Internet and WWW},
 publisher={Oxford Univ Press},
 address={Oxford},
 year={2003},
}

@ARTICLE{K-al2012,
 author = {{Krioukov, D.} and {Kitsak, M.} and {Sinkovits, R. S.} and {Rideout, D.} and {Meyer, D.} and {Boguna, M.}},
  title = { Network Cosmology},
  journal = { Scientific Reports},
  year = {2012},
  volume = {2},
  pages = {793},
  month = {},
  issue = {},
  publisher = {},
}
@ARTICLE{Tr2015,
 author = {C. A. Trugenberger},
  title = {Quantum Gravity as an Information Network: Self-Organization of a 4D Universe},
  journal = {arXiv preprint. arXiv:1501.01408},
  year = {2015},
  volume = {},
  pages = {},
  month = {},
  issue = {},
  publisher = {},
}
@ARTICLE{Bi-al2015,
 author = {{Bianconi, G.} and {Rahmede, C.} and {Wu, Z.}},
  title = {Complex quantum network geometries: Evolution and phase transitions},
  journal = {Phys. Rev. E},
  year = {2015},
  volume = {92},
  pages = {022815},
  month = {},
  issue = {},
  publisher = {},
}
@ARTICLE{WB1997,
 author = {G. B. West and J. H. Brown and B. J. Enquist},
  title = {A general model for the origin of allometric scaling laws in biology},
  journal = {Science},
  year = {1997},
  volume = {276},
  pages = {122–126},
  month = {},
  issue = {},
  publisher = {},
}
@ARTICLE{CH2003,
 author = {R. Cohen and S. Havlin},
  title = {},
  journal = {Phys. Rev. Lett},
  year = {2003},
  volume = {90},
  pages = { 058701},
  month = {},
  issue = {},
  publisher = {},
}	 
@ARTICLE{Do-al2003,
 author = {S. N. Dorogovtsev and J. F. F. Mendes and A. N. Samukhin},
  title = {},
  journal = { Nucl. Phys. B },
  year = {2003},
  volume = {653},
  pages = { 307},
  month = {},
  issue = {},
  publisher = {},
}
@ARTICLE{ChL2003,
 author = {F. Chung and L. Lu},
  title = {},
  journal = { Internet Math},
  year = {2003},
  volume = {1},
  pages = {91},
  month = {},
  issue = {},
  publisher = {},
}
@ARTICLE{Mi-al2002,
 author = {R. Milo and S. Shen-Orr and S. Itzkovitz and N. Kashtan and D. Chklovskii and U. Alon},
  title = {Network motifs: simple building blocks of complex networks},
  journal = {Science},
  year = {2002},
  volume = {298},
  pages = {824–827},
  month = {},
  issue = {},
  publisher = {},
}
@ARTICLE{BC2001,
 author = {{Broido, A.} and {Claffy, K. C}},
  title = {Internet topology: Connectivity of IP graphs, in S. Fahmy and
K. Park, eds., Scalability and Traffic Control in IP Networks, no. 4526 in Proc. SPIE},
  journal = {International Society for Optical Engineering},
  year = {2001},
  volume = {},
  pages = {172–187},
  month = {},
  issue = {},
  publisher = {},
}
@ARTICLE{Pi1965,
 author = {{Pitts, F. R.}},
  title = {A graph theoretic approach to historical geography},
  journal = {The Professional Geographer},
  year = {1965},
  volume = {17},
  pages = {15–20},
  month = {},
  issue = {},
  publisher = {},
}
@ARTICLE{Am-al2000,
 author = {{Amaral, L. A. N.} and {Scala, A.} and {Barthélémy, M.} and {Stanley, H. E.}},
  title = {Classes of small-world networks},
  journal = {Proc. Natl. Acad. Sci},
  year = {2000},
  volume = {USA 97},
  pages = { 11149–11152 },
  month = {},
  issue = {},
  publisher = {},
}
@ARTICLE{Do-al2007,
 author = {{Dobson, I.} and {Carreras, B. A.} and {Lynch, V. E.} and {Newman, D.}},
  title = {Complex systems analysis of series ofblackouts: Cascading failure, critical points, and self-organization},
  journal = {Chaos},
  year = {2007},
  volume = {17},
  pages = {  026103 },
  month = {},
  issue = {},
  publisher = {},
}
@ARTICLE{Se-al2003,
 author = {{Sen, P.} and {Dasgupta, S.} and {Chatterjee, A.} and {Sreeram, P. A.} and {Mukherjee, G.} and {Manna, S. S}},
  title = {Small-world properties of the Indian railway network},
  journal = {Phys.Rev. E},
  year = {2003},
  volume = {67},
  pages = {036106},
  month = {},
  issue = {},
  publisher = {},
}
@BOOK{JS2000,
 author={J. Scott},
 title={Social Network Analysis: A Handbook},
 publisher={Sage Publications},
 address={London},
 year={2nd ed. 2000},
}
@ARTICLE{WW1977,
 author = {W. W. Zachary},
  title = {An information flow model for conflict and fission in small groups},
  journal = {Journal of Anthropological Research},
  year = {1977},
  volume = {33},
  pages = {452–473},
  month = {},
  issue = {},
  publisher = {},
}
@BOOK{Mo1934,
 author={{Moreno, J. L.}},
 title={{Who Shall Survive?}},
 publisher={Beacon House},
 address={Beacon},
 year={1934},
}
@ARTICLE{JP1977,
 author = {J. Galaskiewicz and P. V. Marsdeny},
  title = {Interorganizational resource networks: Formal patterns of overlap},
  journal = {Social Science Research},
  year = {1978},
  volume = {7},
  pages = {89–107},
  month = {},
  issue = {},
  publisher = {},
}

@ARTICLE{BS2009,
 author = {{Bullmore, E.} and {Sporns, O.}},
  title = { Complex Brain Networks: Graph Theoretical Analysis of Structural and Functional Systems},
  journal = {Nat Rev Neurosci},
  year = {2009},
  volume = {10},
  pages = {168–198 },
  month = {},
  issue = {},
  publisher = {},
}
@ARTICLE{La-al2009,
 author = {{Lazer, D.} and al},
  title = { Computational Social Science},
  journal = {Science },
  year = {2009},
  volume = {323},
  pages = {721–723  },
  month = {},
  issue = {},
  publisher = {},
}
@ARTICLE{Li-al2011,
 author = {{Liu, Y.Y.} and {Slotine, J.J.} and {Barabasi, A.L.}},
  title = { Controllability of complex networks},
  journal = {Nature },
  year = {2011},
  volume = {473},
  pages = {167–173},
  month = {},
  issue = {},
  publisher = {},
}
@BOOK{Sm1997,
 author={{Smolin, L.}},
 title={The life of the cosmos},
 publisher={Oxford University Press},
 address={Oxford},
 year={1997},
}
@BOOK{BR2006,
 author={B. Bollobas and O. Riordan},
 title={Percolation},
 publisher={Cambridge University Press},
 address={Cambridge},
 year={ 2006},
}
@ARTICLE{Ac-al2007,
 author = {A. Acin and J. I. Cirac and M. Lewenstein},
  title = {},
  journal = {Nature Physics },
  year = {2007},
  volume = {3},
  pages = {256},
  month = {},
  issue = {},
  publisher = {},
}
@BOOK{Sa1999,
 author={S. Sachdev},
 title={Quantum Phase Transitions },
 publisher={Cambridge University Press},
 address={Cambridge},
 year={ 1999},
}
, Lectures on Quantum Information (, 2007).
@BOOK{BG2007,
 author={{D. Bruß} and {G. Leuchs (eds.)}},
 title={Lectures on Quantum Information},
 publisher={{Weinheim, Wiley-VCH}},
 address={},
 year={2007},
}
@BOOK{MC2000,
 author={M. A. Nielsen and I. L. Chuang},
 title={Quantum Computation and Quantum Information},
 publisher={Cambridge University Press},
 address={Cambridge},
 year={2000},
}

@ARTICLE{J-al2015,
 author = {Jaroslav Novotny and Gernot Alber and Igor Jex},
  title = {Universality in random quantum networks},
  journal = {Phys. Rev. A},
  year = {2015},
  volume = {92},
  pages = {062335},
  month = {December },
  issue = {},
  publisher = {},
}
@BOOK{Ha1995,
 author={{Harary, F.}},
 title={Graph Theory},
 publisher={Perseus},
 address={Cambridge},
 year={ MA (1995)},
} 
@BOOK{West1996,
 author={{West, D. B.}},
 title={Introduction to Graph Theory},
 publisher={Prentice Hall},
 address={Upper Saddle River},
 year={NJ (1996)},
}
@ARTICLE{Mi1967,
 author = {{Milgram, S}},
  title = {The Small World Problem},
  journal = {Psychology Today},
  year = {1967},
  volume = {},
  pages = {56–67},
  month = {May },
  issue = {},
  publisher = {},
}
@ARTICLE{TM1969,
 author = {{Travers, J.,} and S. Milgram},
  title = {},
  journal = {Sociometry},
  year = {1969},
  volume = {32},
  pages = {425},
  month = { },
  issue = {},
  publisher = {},
}
@ARTICLE{D-al2003,
 author = {{Dodds, P.} and {Muhamad, R.} and {Watts, D}},
  title = {An experimental study of search in global social networks},
  journal = {Science},
  year = {2003},
  volume = {301(5634)},
  pages = {827–829},
  month = { },
  issue = {},
  publisher = {},
}
@BOOK{Wa1994,
 author={{S. Wasserman} and {K. Faust}},
 title={{Social Network Analysis: Methods and Applications}},
 publisher={Cambridge University Press},
 address={Cambridge},
 year={ (1994)},
}
@BOOK{PV2004,
 author={R. Pastor-Satorras and A. Vespignani},
 title={{Evolution and Structure of the Internet: A Statistical Physics Approach}},
 publisher={Cambridge University Press},
 address={Cambridge},
 year={ (2004)},
}
 
%@ARTICLE{Blochl1994,
%  author = {Jeong, H., B. Tombor, R. Albert, Z. N. Oltvai and A.-L. Barabasi},
%  title = {Projector augmented-wave method},
%  journal = {Phys. Rev. B},
%  year = {1994},
%  volume = {50},
%  pages = {17953--17979},
%  month = {Dec},
%  issue = {24},
%  publisher = {American Physical Society},
%}
 

